<?xml version="1.0" encoding="UTF-8"?><collection xmlns="http://www.loc.gov/MARC21/slim"><record><leader>00523nam--2200181-i-4500</leader><controlfield tag="001">000010975</controlfield><controlfield tag="002">20161230</controlfield><controlfield tag="005">20161230201029</controlfield><controlfield tag="008">060222s1000------------r-----000-0-eng-d</controlfield><datafield ind1=" " ind2=" " tag="040"><subfield code="a">IFIN-HH</subfield></datafield><datafield ind1=" " ind2=" " tag="080"><subfield code="a">539.12.162.8(047.1)</subfield></datafield><datafield ind1="1" ind2=" " tag="100"><subfield code="a">Celeghini, E</subfield></datafield><datafield ind1="1" ind2="0" tag="245"><subfield code="a">Thermodynamical velocity functions and elastic scattering</subfield><subfield code="c">E. celeghini, l. lusanna</subfield></datafield><datafield ind1=" " ind2=" " tag="260"><subfield code="a">Firenze</subfield><subfield code="b">Instituto Di Fisica Teorica</subfield><subfield code="c">1973</subfield></datafield><datafield ind1=" " ind2=" " tag="300"><subfield code="a">25 P. + 6 FIG</subfield></datafield><datafield ind1="1" ind2=" " tag="700"><subfield code="a">Lusanna, L</subfield></datafield><datafield ind1=" " ind2=" " tag="852"><subfield code="a">40647</subfield><subfield code="c">539.131</subfield></datafield><datafield ind1=" " ind2=" " tag="CAT"><subfield code="a">Sys</subfield><subfield code="c">20120302</subfield><subfield code="h">134016</subfield></datafield></record></collection>